@article{meyerhenke2016partitioning,
  title={Partitioning (hierarchically clustered) complex networks via size-constrained graph clustering},
  author={Meyerhenke, Henning and Sanders, Peter and Schulz, Christian},
  journal={Journal of Heuristics},
  volume={22},
  number={5},
  pages={759--782},
  year={2016},
  publisher={Springer}
}

@inproceedings{lemos2019graph,
  title={Graph colouring meets deep learning: Effective graph neural network models for combinatorial problems},
  author={Lemos, Henrique and Prates, Marcelo and Avelar, Pedro and Lamb, Luis},
  booktitle={2019 IEEE 31st International Conference on Tools with Artificial Intelligence (ICTAI)},
  pages={879--885},
  year={2019},
  organization={IEEE}
}
